@misc{book:matrix,
	title="Матрица, её история и применение [Электронный ресурс].",
	howpublished="Режим доступа: \url{https://urok.1sept.ru/articles/637896} (дата обращения: 18.09.2025)."
}

@inbook{book:stdmul_complexity,
	author="В. Я. Пан",
	title="Быстрое умножение матриц и смежные вопросы алгебры, Матем. сб, том 208",
	language="russian",
	year=2017,
	pages="90-91"
}

@inbook{book:Winograd,
	author="Д. Л. Головашкин",
	title="Векторные алгоритмы вычислительной линейной алгебры:
	учеб. пособие.",
	publisher="--- Самара: Изд-во Самарского университета",
	pages="28-35",
	language="russian",
	year=2019
}

@misc{book:cpp,
	title="Справочник по языку C++ [Электронный ресурс].",
	howpublished="Режим доступа: \url{https://learn.microsoft.com/ru-ru/cpp/cpp/cpp-language-reference?view=msvc-170} (дата обращения: 18.09.2025)."
}

@misc{book:ctime_sync,
	title="Time library [Электронный ресурс].",
	howpublished="Режим доступа: \url{https://eel.is/c++draft/ctime.syn} (дата обращения: 18.09.2025)."
}

@misc{book:time_clock,
	title="Information technology — Programming languages — C [Электронный ресурс].",
	howpublished="Режим доступа: \url{https://www.open-std.org/JTC1/SC22/WG14/www/docs/n3220.pdf} (дата обращения: 18.09.2025)."
}